<record><leader>00000cas a22000007a 4500</leader><controlfield tag="001">17500175</controlfield><controlfield tag="008">880218d18881890lauwr ne      0   a0eng c</controlfield><controlfield tag="009">8528</controlfield><datafield ind1=" " ind2=" " tag="010"><subfield code="a">sn 88064119 </subfield></datafield><datafield ind1=" " ind2=" " tag="040"><subfield code="a">LNP</subfield><subfield code="b">eng</subfield><subfield code="c">LNP</subfield><subfield code="d">LNP</subfield><subfield code="d">DLC</subfield><subfield code="d">OCLCF</subfield></datafield><datafield ind1=" " ind2=" " tag="012"><subfield code="l">a</subfield></datafield><datafield ind1="0" ind2=" " tag="022"><subfield code="a">2163-6362</subfield><subfield code="2">1</subfield></datafield><datafield ind1=" " ind2=" " tag="042"><subfield code="a">pcc</subfield><subfield code="a">nsdp</subfield></datafield><datafield ind1=" " ind2=" " tag="043"><subfield code="a">n-us-la</subfield></datafield><datafield ind1="0" ind2="0" tag="050"><subfield code="a">Newspaper</subfield></datafield><datafield ind1="1" ind2="0" tag="082"><subfield code="a">070</subfield><subfield code="2">14</subfield></datafield><datafield ind1=" " ind2="0" tag="222"><subfield code="a">Homer guardian</subfield></datafield><datafield ind1="0" ind2="0" tag="245"><subfield code="a">Homer guardian.</subfield></datafield><datafield ind1=" " ind2=" " tag="260"><subfield code="a">Homer, La. :</subfield><subfield code="b">C.W. Seals &amp; J.R. Phipps</subfield></datafield><datafield ind1=" " ind2=" " tag="310"><subfield code="a">Weekly</subfield></datafield><datafield ind1="0" ind2=" " tag="362"><subfield code="a">Vol. 1, no. 1 (Oct. 5, 1888)-v. 13, no. 42 (June 13, 1890).</subfield></datafield><datafield ind1=" " ind2=" " tag="530"><subfield code="a">Archived issues are available in digital format as part of the Library of Congress Chronicling America online collection.</subfield></datafield><datafield ind1=" " ind2=" " tag="580"><subfield code="a">Merged with: Louisiana weekly journal, to form: Guardian-journal.</subfield></datafield><datafield ind1=" " ind2="0" tag="651"><subfield code="a">Homer (La.)</subfield><subfield code="v">Newspapers.</subfield></datafield><datafield ind1=" " ind2="0" tag="651"><subfield code="a">Claiborne Parish (La.)</subfield><subfield code="v">Newspapers.</subfield></datafield><datafield ind1=" " ind2="7" tag="655"><subfield code="a">Newspapers.</subfield><subfield code="2">fast</subfield><subfield code="0">(OCoLC)fst01423814</subfield></datafield><datafield ind1=" " ind2="7" tag="651"><subfield code="a">Louisiana</subfield><subfield code="z">Claiborne Parish.</subfield><subfield code="2">fast</subfield><subfield code="0">(OCoLC)fst01220860</subfield></datafield><datafield ind1=" " ind2="7" tag="651"><subfield code="a">Louisiana</subfield><subfield code="z">Homer.</subfield><subfield code="2">fast</subfield><subfield code="0">(OCoLC)fst01202980</subfield></datafield><datafield ind1=" " ind2=" " tag="752"><subfield code="a">United States</subfield><subfield code="b">Louisiana</subfield><subfield code="c">Claiborne</subfield><subfield code="d">Homer.</subfield></datafield><datafield ind1="0" ind2="0" tag="780"><subfield code="t">Claiborne guardian</subfield><subfield code="w">(DLC)sn 88064118</subfield><subfield code="w">(OCoLC)17500191</subfield></datafield><datafield ind1="1" ind2="7" tag="785"><subfield code="t">Louisiana weekly journal</subfield><subfield code="w">(DLC)sn 88064120</subfield><subfield code="w">(OCoLC)17500202</subfield></datafield><datafield ind1="1" ind2="7" tag="785"><subfield code="t">Guardian-journal</subfield><subfield code="w">(DLC)sn 88064121</subfield><subfield code="w">(OCoLC)17500213</subfield></datafield><datafield ind1="4" ind2="1" tag="856"><subfield code="u">http://www.loc.gov/chroniclingamerica/lccn/sn88064119/issues</subfield></datafield></record>